@article{lassner72

	author = {Gerd Lassner}
	year = {1972}
	title = {Topological Algebras of Operators}
	publisher = {Reports on Mathematical Physics}
	volume = {3}
	number = {4}
	pages = {279-293}



}


@article{


}



